%for citing the correctness proof
@misc{sidpaper,
  author =       "Siddharth Mittal",
  title =        "Faster Multiplication Techniques",
  year= "1997"
}

%for citing the algorithm
@misc{atharv,
    author    = "Brahma",
    title     = "Atharveda",
    year      = "1100 BC",
}
 
@misc{knuthwebsite,
    author    = "Donald Knuth",
    title     = "Knuth: Computers and Typesetting",
    url       = "http://www-cs-faculty.stanford.edu/\~{}uno/abcde.html"
}
